<record><leader>00000cas a22000007a 4500</leader><controlfield tag="001">1770177</controlfield><controlfield tag="008">751101d19231931ohuwn ne      0    0eng d</controlfield><datafield ind1=" " ind2=" " tag="010"><subfield code="a">sn 92060537 </subfield></datafield><datafield ind1=" " ind2=" " tag="040"><subfield code="a">MUL</subfield><subfield code="b">eng</subfield><subfield code="c">MUL</subfield><subfield code="d">OCL</subfield><subfield code="d">YOX</subfield><subfield code="d">OCLCQ</subfield><subfield code="d">KRTAS</subfield><subfield code="d">OCLCQ</subfield><subfield code="d">OCLCF</subfield><subfield code="d">OCLCO</subfield></datafield><datafield ind1="1" ind2=" " tag="029"><subfield code="a">AU@</subfield><subfield code="b">000025904316</subfield></datafield><datafield ind1=" " ind2=" " tag="042"><subfield code="a">msc</subfield></datafield><datafield ind1="0" ind2=" " tag="130"><subfield code="a">World news (Columbus, Ohio)</subfield></datafield><datafield ind1="1" ind2="0" tag="245"><subfield code="a">World news.</subfield></datafield><datafield ind1="3" ind2="0" tag="246"><subfield code="a">World review</subfield></datafield><datafield ind1=" " ind2=" " tag="260"><subfield code="a">Columbus, Ohio :</subfield><subfield code="b">Educational News Co.</subfield></datafield><datafield ind1=" " ind2=" " tag="300"><subfield code="a">v. :</subfield><subfield code="b">ill.</subfield></datafield><datafield ind1=" " ind2=" " tag="310"><subfield code="a">Weekly (during the school year)</subfield></datafield><datafield ind1="1" ind2=" " tag="362"><subfield code="a">Began in 1923.</subfield></datafield><datafield ind1="0" ind2=" " tag="362"><subfield code="a">-v. 10, no. 8 (Nov. 1-7, 1931).</subfield></datafield><datafield ind1=" " ind2=" " tag="500"><subfield code="a">"A study of current problems."</subfield></datafield><datafield ind1=" " ind2=" " tag="500"><subfield code="a">On masthead: "Combined with the World review," Feb. 16-Oct. 26, 1930.</subfield></datafield><datafield ind1=" " ind2=" " tag="500"><subfield code="a">Changed to periodical with Nov. 9-13, 1931 issue.</subfield></datafield><datafield ind1=" " ind2=" " tag="580"><subfield code="a">Merged with: Looseleaf current topics to form: World news, current topics, assuming its vol. numbering.</subfield></datafield><datafield ind1=" " ind2=" " tag="588"><subfield code="a">Description based on: Vol. 8, no. 19 (Jan. 19-25, 1930).</subfield></datafield><datafield ind1=" " ind2="0" tag="650"><subfield code="a">World politics</subfield><subfield code="v">Newspapers.</subfield></datafield><datafield ind1=" " ind2="4" tag="651"><subfield code="a">United States</subfield><subfield code="x">Politics and government</subfield><subfield code="v">Newspapers.</subfield></datafield><datafield ind1=" " ind2="7" tag="655"><subfield code="a">Newspapers.</subfield><subfield code="2">fast</subfield><subfield code="0">(OCoLC)fst01423814</subfield></datafield><datafield ind1=" " ind2="7" tag="650"><subfield code="a">World politics.</subfield><subfield code="2">fast</subfield><subfield code="0">(OCoLC)fst01181381</subfield></datafield><datafield ind1=" " ind2=" " tag="752"><subfield code="a">United States</subfield><subfield code="b">Ohio</subfield><subfield code="c">Franklin</subfield><subfield code="d">Columbus.</subfield></datafield><datafield ind1="0" ind2="5" tag="780"><subfield code="t">World review (Chicago, Ill.)</subfield><subfield code="g">Feb. 16, 1930</subfield><subfield code="w">(OCoLC)1770188</subfield></datafield><datafield ind1="1" ind2="7" tag="785"><subfield code="t">Looseleaf current topics</subfield></datafield><datafield ind1="1" ind2="7" tag="785"><subfield code="t">World news, current topics</subfield><subfield code="w">(OCoLC)1639830</subfield></datafield><datafield ind1=" " ind2=" " tag="938"><subfield code="a">Kirtas Technologies, Inc.</subfield><subfield code="b">KRTS</subfield><subfield code="n">733958</subfield></datafield></record>